


@string{VLDB="Proceedings of the International Conference on Very Large Data Bases, VLDB"}
@string{MSST="Proceedings of Mass Storage Systems and Technologies, MSST"}
@string{FAST="Proceedings of File and Storage Technologies, FAST"} 
@string{SIGMOD="Proceedings of the ACM International Conference on Management of Data, SIGMOD"}
@string{PODS="Proceedings of the ACM Symposium on Principles of Database Systems, PODS"}
@string{ICDE="Proceedings of the International Conference on Data Engineering, ICDE"}
@string{EDBT="Proceedings of the International Conference on Extending Database Technology, EDBT"}
@string{CIDR="Proceedings of the International Conference on Innovative Data Systems Research, CIDR"}
@string{TODS="ACM Transactions on Database Systems, TODS"}
@string{TKDE="IEEE Transactions on Knowledge and Data Engineering, TKDE"}
@string{SSD="Proceedings of the International Symposium on Advances in Spatial Databases, SSD"}
@string{SSTD="Proceedings of the International Symposium on Advances in Spatial and Temporal Databases, SSTD"}
@string{CIKM="Proceedings of the International Conference on Information and Knowledge Managemen, CIKM"}
@string{GIS="Proceedings of the ACM Symposium on Advances in Geographic Information Systems, ACM GIS"}
@string{SSDBM="Proceedings of the International Conference on Scientific and Statistical Database Management, SSDBM"}
@string{DEBull="IEEE Data Engineering Bulletin"}
@string{IDEAS="Proceedings of the International Database Engineering and Applications Symposium, IDEAS"}
@string{MDM="Proceedings of the International Conference on Mobile Data Management, MDM"}
@string{DASFAA="Proceedings of the International Conference on Database Systems for Advanced Applications, DASFAA"}
@string{PKDD="European Conference on Principles and Practice of Knowledge Discovery in Databases, PKDD"} 

@string{SIGMOD="SIGMOD"}
@string{VLDB="VLDB"}
@string{ICDE="ICDE"}
@string{PODS="PODS"}
@string{EDBT="EDBT"}
@string{DEBull="IEEE Data Engineering Bulletin"}
@string{SSDBM="SSDBM"}
@string{CIKM="CIKM"}
@string{TKDE="TKDE"}
@string{TODS="TODS"}
@string{SSTD="SSTD"}
@string{SSD="SSD"}
@string{GIS="GIS"}
@string{IDEAS="IDEAS"}
@string{CIDR="CIDR"}
@string{MDM="MDM"}
@string{DASFAA="DASFAA"}
@string{MSST="MSST"}
@string{FAST="FAST"}
@string{PVLDB="PVLDB"}


%=============================================================
@article{NSD2013,
	title={A general framework for geo-social query processing},
	author={Armenatzoglou, Nikos and Papadopoulos, Stavros and Papadias, Dimitris},
	journal={Proceedings of the VLDB Endowment},
	volume={6},
	number={10},
	pages={913--924},
	year={2013},
	publisher={VLDB Endowment}
}

@article{KJY+2015,
	title={Joint search by social and spatial proximity},
	author={Mouratidis, Kyriakos and Li, Jing and Tang, Yu and Mamoulis, Nikos},
	journal={Knowledge and Data Engineering, IEEE Transactions on},
	volume={27},
	number={3},
	pages={781--793},
	year={2015},
	publisher={IEEE}
}

@article{YCZ+2010,
	title={Grail: Scalable reachability index for large graphs},
	author={Yildirim, Hilmi and Chaoji, Vineet and Zaki, Mohammed J},
	journal=PVLDB,
	volume={3},
	number={1-2},
	pages={276--284},
	year={2010},
	publisher={VLDB Endowment}
}

@article{CHK+2003,
	title={Reachability and distance queries via 2-hop labels},
	author={Cohen, Edith and Halperin, Eran and Kaplan, Haim and Zwick, Uri},
	journal={SIAM Journal on Computing},
	volume={32},
	number={5},
	pages={1338--1355},
	year={2003},
	publisher={SIAM}
}

@inproceedings{SU2007,
	title={Fast and practical indexing and querying of very large graphs},
	author={Tri{\ss}l, Silke and Leser, Ulf},
	booktitle={Proceedings of the 2007 ACM SIGMOD international conference on Management of data},
	pages={845--856},
	year={2007},
	organization={ACM}
}

@inproceedings{HHJ+2006,
	title={Dual labeling: Answering graph reachability queries in constant time},
	author={Wang, Haixun and He, Hao and Yang, Jun and Yu, Philip S and Yu, Jeffrey Xu},
	booktitle={Data Engineering, 2006. ICDE'06. Proceedings of the 22nd International Conference on},
	pages={75--75},
	year={2006},
	organization={IEEE}
}

@book{PMA2001,
	title={Spatial databases: with application to GIS},
	author={Rigaux, Philippe and Scholl, Michel and Voisard, Agnes},
	year={2001},
	publisher={Morgan Kaufmann}
}

@book{H2006,
	title={Foundations of multidimensional and metric data structures},
	author={Samet, Hanan},
	year={2006},
	publisher={Morgan Kaufmann}
}

@book{SS2003,
	title={Spatial databases: a tour},
	author={Shekhar, Shashi and Chawla, Sanjay},
	volume={2003},
	year={2003},
	publisher={prentice hall Upper Saddle River, NJ}
}

@article{YM2016,
	title={GeoReach: An Efficient Approach for Evaluating Graph Reachability Queries with Spatial Range Predicates},
	author={Sun, Yuhan and Sarwat, Mohamed},
	journal={arXiv preprint arXiv:1603.05355},
	year={2016}
}

@inproceedings{AC2005,
	title={Computing the shortest path: A search meets graph theory},
	author={Goldberg, Andrew V and Harrelson, Chris},
	booktitle={Proceedings of the sixteenth annual ACM-SIAM symposium on Discrete algorithms},
	pages={156--165},
	year={2005},
	organization={Society for Industrial and Applied Mathematics}
}

@misc{M2011,
	title={Bing taps facebook data for fight with google},
	author={Helft, M},
	year={2011}
}

@inproceedings{DJE2003,
	title={Maximizing the spread of influence through a social network},
	author={Kempe, David and Kleinberg, Jon and Tardos, {\'E}va},
	booktitle={Proceedings of the ninth ACM SIGKDD international conference on Knowledge discovery and data mining},
	pages={137--146},
	year={2003},
	organization={ACM}
}

@misc{Taa,
	title = {Three and a half degrees of separation},
	author = {Sergey, EdunovCarlos and DiukIsmail, Onur F and BhagatMoira, Burke},
	howpublished = {\url{https://research.facebook.com/blog/three-and-a-half-degrees-of-separation/}}
}

@article{S1990,
	title={Dijkstra's algorithm},
	author={Skiena, S},
	journal={Implementing Discrete Mathematics: Combinatorics and Graph Theory with Mathematica, Reading, MA: Addison-Wesley},
	pages={225--227},
	year={1990}
}

@techreport{R1956,
	title={On a routing problem},
	author={Bellman, Richard},
	year={1956},
	institution={DTIC Document}
}

@article{R1972,
	title={Depth-first search and linear graph algorithms},
	author={Tarjan, Robert},
	journal={SIAM journal on computing},
	volume={1},
	number={2},
	pages={146--160},
	year={1972},
	publisher={SIAM}
}